@article{Aguilera2014,
author = {Aguilera, Roberto F.},
doi = {10.1016/j.enpol.2013.07.118},
file = {:C$\backslash$:/Users/jonwi/Dropbox/ExShale/Literature/Aguilera 2014 Production costs of global conventional and unconventional petroleum.pdf:pdf},
isbn = {03014215},
issn = {03014215},
journal = {Energy Policy},
keywords = {Conventional and unconventional petroleum,Cumulative availability curves,Production costs},
pages = {134--140},
publisher = {Elsevier},
title = {{Production costs of global conventional and unconventional petroleum}},
url = {http://dx.doi.org/10.1016/j.enpol.2013.07.118},
volume = {64},
year = {2014}
}
@techreport{Albulescu1987,
author = {Albulescu, P. and Mazzella, G.},
doi = {10.2172/5140769},
institution = {USDOE Office of Fossil Energy (FE)},
mendeley-groups = {ExShale paper},
month = {jun},
title = {{Fluidized-bed retorting of Colorado oil shale: Topical report. [None]}},
url = {http://www.osti.gov/servlets/purl/5140769-P6lMYE/},
year = {1987}
}
@techreport{Bartis2005,
address = {Santa Monica, CA},
author = {Bartis, J T and LaTourrette, T and Dixon, L and Peterson, D J and Cecchine, G},
institution = {RAND Corporation},
title = {{Oil shale development in the United States - Prospects and policy issues}},
year = {2005}
}
@inproceedings{Biglarbigi2008,
address = {Denver, CO},
author = {Biglarbigi, Khosrow and Dammer, Anton and Mohan, Hitesh and Carolus, Marshall John},
booktitle = {SPE Annual Technical Conference and Exhibition},
doi = {10.2118/116560-MS},
file = {:C$\backslash$:/Users/jonwi/Dropbox/ExShale/Literature/Biglarbigi 2008 Economics of oil shale development in the United States.pdf:pdf},
mendeley-groups = {ExShale paper},
month = {sep},
publisher = {Society of Petroleum Engineers},
title = {{Economics of Oil Shale Development in the United States}},
url = {http://www.onepetro.org/doi/10.2118/116560-MS},
year = {2008}
}
@inproceedings{Biglarbigi2009,
address = {New Orleans, LA},
author = {Biglarbigi, Khosrow and Killen, James Curtis and Carolus, Marshall John},
booktitle = {SPE Annual Technical Conference and Exhibition},
doi = {10.2118/124885-MS},
file = {:C$\backslash$:/Users/jonwi/Dropbox/ExShale/Literature/Biglarbigi 2009 The impact of oil prices on oil shale development in the United States.pdf:pdf},
mendeley-groups = {ExShale paper},
month = {oct},
publisher = {Society of Petroleum Engineers},
title = {{The Impact of Oil Prices on Oil Shale Development in the United States}},
url = {http://www.onepetro.org/doi/10.2118/124885-MS},
year = {2009}
}
@techreport{Black&Veatch2014,
address = {Salt Lake City, UT},
author = {{Black {\&} Veatch}},
institution = {Western Electricity Coordinating Council},
title = {{Capital costs for transmission and substations}},
url = {https://www.wecc.biz/Reliability/2014{\_}TEPPC{\_}Transmission{\_}CapCost{\_}Report{\_}B+V.pdf},
year = {2014}
}
@techreport{BoyleEngineeringCorporation2002,
address = {San Diego, CA},
author = {{Boyle Engineering Corporation}},
institution = {San Diego County Water Authority},
title = {{The regional Colorado River conveyance feasibility study}},
url = {http://sandiegohealth.org/water/sdcwa.htm},
year = {2002}
}
@techreport{EPAOilShaleWorkGroup1979,
address = {Washington, DC},
author = {{EPA Oil Shale Work Group}},
institution = {U.S. Environmental Protection Agency},
title = {{EPA Program Status Report: Oil Shale - 1979 Update}},
year = {1979}
}
@book{Harney1983,
address = {New York, NY},
author = {Harney, Brian M},
isbn = {0824717775},
mendeley-groups = {ExShale paper},
publisher = {Marcel Dekker Inc},
title = {{Oil from Shale: An Analysis of Technology, Economics and Future}},
year = {1983}
}
@techreport{Heidrick2006,
address = {Edmonton, AB},
author = {Heidrick, T and Godin, M},
institution = {Alberta Energy Research Institute},
title = {{Oil sands research and development - Final report}},
url = {http://www.aeri.ab.ca/sec/new{\_}res/.../OilSands{\_}Private{\_}Final{\_}18May07.pdf},
year = {2006}
}
@techreport{InfoMineUSAInc.2010,
author = {{InfoMine USA Inc.}},
title = {{Mine costing service}},
year = {2010}
}
@book{RSMeans2002,
author = {RSMeans},
edition = {16th},
publisher = {RSMeans Company Inc.},
title = {{Heavy construction costs data}},
year = {2002}
}
@book{Seider2009,
address = {New York, NY},
author = {Seider, Warren D and Seader, Junior D and Lewin, Daniel R and Widagdo, Soemantri},
edition = {3rd},
isbn = {0470414413},
publisher = {John Wilkey {\&} Sons},
title = {{Product {\&} Process Design Priniciples: Synthesis, Analysis and Design}},
year = {2009}
}
@article{Standard&Poors2011,
author = {{Standard {\&} Poor's}},
file = {:C$\backslash$:/Users/jonwi/Dropbox/Oil Shale/Literature/SP 2011 Is natural gas drilling economic at current prices.pdf:pdf},
journal = {CreditWeek},
month = {dec},
pages = {9--12},
title = {{Is natural gas drilling economic at current prices?}},
url = {http://www.standardandpoors.com/spf/swf/oilandgas/data/document.pdf},
year = {2011}
}
@techreport{STRAAMEngineers1979,
address = {Irvine, CA},
author = {{STRAAM Engineers}},
institution = {U.S. Department of the Interior Bureau of Land Management},
title = {{Capital and operating cost estimating system handbook: Mining, retorting, and upgrading of oil shale in Colorado, Utah, and Wyoming.}},
year = {1979}
}
@misc{U.S.BureauofLandManagement2013a,
author = {{U.S. BLM}},
title = {{Secretary Salazar Finalizes Plan Promoting Responsible Oil Shale and Tar Sands Research, Demonstration and Development}},
url = {http://www.blm.gov/wo/st/en/info/newsroom/2013/march/nr{\_}03{\_}22{\_}2013.html},
urldate = {2015-05-16},
year = {2013}
}
@techreport{U.S.BureauofLaborStatistics2014,
address = {Washington, DC},
author = {{U.S. Bureau of Labor Statistics}},
institution = {U.S. Department of Labor},
title = {{Utah - May 2014 Occupational Employment and Wage Estimates}},
url = {http://www.bls.gov/oes/current/oes{\_}ut.htm{\#}17-0000},
year = {2014}
}
@misc{U.S.EnergyInformationAdministration2015a,
author = {{U.S. EIA}},
booktitle = {Electric Power Annual},
title = {{Average retail price of electricity to ultimate customers}},
url = {http://www.eia.gov/electricity/data.cfm{\#}sales},
urldate = {2015-01-07},
year = {2015}
}
@techreport{U.S.EnergyInformationAdministration2014,
address = {Washington, DC},
author = {{U.S. EIA}},
institution = {U.S. Energy Information Administration},
title = {{Annual Energy Outlook 2015}},
url = {http://www.eia.gov/forecasts/aeo/pdf/0383(2015).pdf},
year = {2015}
}
@misc{VandenBerg2008,
address = {Salt Lake City, UT},
author = {{Vanden Berg}, M.D.},
publisher = {Utah Geological Survey Special Study 128},
title = {{Basin-wide evaluation of the uppermost Green River Formation's oil-shale resource, Uinta Basin, Utah and Colorado}},
url = {http://files.geology.utah.gov/online/ss/ss-128/ss-128txt.pdf},
year = {2008}
}
@techreport{InstituteforCleanandSecureEnergy2013,
address = {Salt Lake City, UT},
author = {Wilkey, J and Spinti, J and Hogue, M and Uchitel, K},
institution = {Univ. of Utah Institute for Clean and Secure Energy},
title = {{A market assessment of oil sands and oil shale resources}},
url = {http://www.icse.utah.edu/leftnavid3subleftnavid10subpage115},
year = {2013}
}
@article{Williams1947,
author = {Williams, R},
journal = {Chemical Engineering},
number = {12},
pages = {124--125},
title = {{Six-tenths factor aids in approximating costs}},
volume = {54},
year = {1947}
}
@misc{U.S.GeologicalSurveyOilShaleAssessmentTeam2010,
author = {{U.S. Geological Survey Oil Shale Assessment Team}},
mendeley-groups = {ExShale paper},
title = {{Oil shale resources of the Uinta Basin, Utah and Colorado: U.S. Geological Survey Digital Data Series DDS-69-BB}},
url = {http://pubs.usgs.gov/dds/dds-069/dds-069-bb/},
urldate = {09/09/16},
year = {2010}
}
@misc{U.S.GeologicalSurveyOilShaleAssessmentTeam2010a,
author = {{U.S. Geological Survey Oil Shale Assessment Team}},
mendeley-groups = {ExShale paper},
title = {{Oil shale and nahcolite resources of the Piceance Basin, Colorado: U.S. Geological Survey Digital Data Series DDS-69-Y}},
url = {http://pubs.usgs.gov/dds/dds-069/dds-069-y/},
urldate = {2016-09-09},
year = {2010}
}
